%Entries

%domain papers
@article{Chothia2003domainevolution,
title={Evolution of the Protein Repertoire},
author={Chothia, Cyrus and Gough, Julian and Vogel, Christine and Teichmann, Sarah},
journal={Science},
volume=300,
pages={1701--1703},
year=2003
}

@article{Apic2001domaincombinations,
title={Domain combinations in archaeal, eubacterial and eukaryotic proteomes},
author={Apic, Gordana and Gough, Julian and Teichmann, Sarah},
journal={Journal of Molecular Biology},
volume=310,
pages={311--325},
year=2001,
}


@article{PrzytyckaDaSo06,
author={Przytycka, Teresa and Davis, George and Song, Nan and Durand, Dannie},
title={Graph theoretical insights into evolution of multidomain proteins},
journal={Journal of Computational Biology},
volume=13,
pages={351--363},
year=2006
}



%Reconciliation Papers

@article{stolzer2012notung,
author={Stolzer, Maureen and Lai, Han and Xu, Minli and Sathaye, Deepa and Vernot, Benjamin and Durand, Dannie},
title={Inferring duplications, losses, transfers and incomplete lineage sorting with nonbinary species trees},
journal={Bioinformatics},
volume=28,
pages={i409--i415},
year=2012
}

@article{Goodman1979reconciliation,
author={Goodman, Morris  and Czelusniak, John  and Moore, G. William and Romero-Herrera, A. E. and Matsuda, Genji},
title={Fitting the gene lineage into its species lineage, a parsimony strategy illustrated by cladograms constructed from globin sequences},
journal={Systematic Zoology},
volume=28,
pages={132â€“-163},
year=1979
}

@article{muhammad2018species,
  title={Species tree-aware simultaneous reconstruction of gene and domain evolution},
  author={Muhammad, Sayyed Auwn and Sennblad, Bengt and Lagergren, Jens},
  journal={bioRxiv},
  pages={336453},
  year={2018},
  publisher={Cold Spring Harbor Laboratory}
}

@inproceedings{hallett2004simultaneous,
  title={Simultaneous identification of duplications and lateral transfers},
  author={Hallett, Mike and Lagergren, Jens and Tofigh, Ali},
  booktitle={Proceedings of the Eighth Annual International Conference on Resaerch in Computational Molecular Biology},
  pages={347--356},
  year={2004}
}

@article{bansal2012efficient,
  title={Efficient algorithms for the reconciliation problem with gene duplication, horizontal transfer and loss},
  author={Bansal, Mukul S and Alm, Eric J and Kellis, Manolis},
  journal={Bioinformatics},
  volume={28},
  number={12},
  pages={i283--i291},
  year={2012},
  publisher={Oxford University Press}
}

@article{li2018integrated,
  title={An integrated reconciliation framework for domain, gene, and species level evolution},
  author={Li, Lei and Bansal, Mukul S},
  journal={IEEE/ACM Transactions on Computational Biology and Bioinformatics},
  volume={16},
  number={1},
  pages={63--76},
  year={2018},
  publisher={IEEE}
}

@article{wu2012evolution,
  title={Evolution at the subgene level: Domain rearrangements in the Drosophila phylogeny},
  author={Wu, Yi-Chieh and Rasmussen, Matthew D and Kellis, Manolis},
  journal={Molecular Biology and Evolution},
  volume={29},
  number={2},
  pages={689--705},
  year={2012},
  publisher={Oxford University Press}
}

@article{Stolzer2015shuffling,
author={Stolzer, Maureen and Siewert, Katherine and Lai, Han and Xu, Minli and Durand, Dannie},
title={Event inference in multidomain families with phylogenetic reconciliation},
journal={BMC Bioinformatics},
volume=16,
pages={S8},
year=2015
}


%EXTRA
@article{bonizzoni2005reconciling,
  title={Reconciling a gene tree to a species tree under the duplication cost model},
  author={Bonizzoni, Paola and Della Vedova, Gianluca and Dondi, Riccardo},
  journal={Theoretical Computer Science},
  volume={347},
  number={1-2},
  pages={36--53},
  year={2005},
  publisher={Elsevier}
}

@article{chauve2008gene,
  title={Gene family evolution by duplication, speciation, and loss},
  author={Chauve, Cedric and Doyon, Jean-Philippe and El-Mabrouk, Nadia},
  journal={Journal of Computational Biology},
  volume={15},
  number={8},
  pages={1043--1062},
  year={2008},
  publisher={Mary Ann Liebert, Inc. 2 Madison Avenue Larchmont, NY 10538 USA}
}

@inproceedings{doyon2010efficient,
  title={An efficient algorithm for gene/species trees parsimonious reconciliation with losses, duplications and transfers},
  author={Doyon, Jean-Philippe and Scornavacca, Celine and Gorbunov, K Yu and Sz{\"o}ll{\H{o}}si, Gergely J and Ranwez, Vincent and Berry, Vincent},
  booktitle={RECOMB International Workshop on Comparative Genomics},
  pages={93--108},
  year={2010},
  organization={Springer}
}

%Tandem Duplication Papers

@article{bjorklund2006expansion,
  title={Expansion of protein domain repeats},
  author={Bj{\"o}rklund, {\AA}sa K and Ekman, Diana and Elofsson, Arne},
  journal={PLoS Computational Biology},
  volume={2},
  number={8},
  year={2006},
  publisher={Public Library of Science}
}

@article{do2015tapo,
  title={TAPO: A combined method for the identification of tandem repeats in protein structures},
  author={Do Viet, Phuong and Roche, Daniel B and Kajava, Andrey V},
  journal={FEBS Letters},
  volume={589},
  number={19},
  pages={2611--2619},
  year={2015},
  publisher={Elsevier}
}

@article{audemard2012detecting,
  title={Detecting long tandem duplications in genomic sequences},
  author={Audemard, Eric and Schiex, Thomas and Faraut, Thomas},
  journal={BMC Bioinformatics},
  volume={13},
  number={1},
  pages={83},
  year={2012},
  publisher={BioMed Central}
}

@article{jorda2009t,
  title={T-REKS: Identification of Tandem REpeats in sequences with a K-meanS based algorithm},
  author={Jorda, Julien and Kajava, Andrey V},
  journal={Bioinformatics},
  volume={25},
  number={20},
  pages={2632--2638},
  year={2009},
  publisher={Oxford University Press}
}

@article{barker1978comprehensive,
  title={A comprehensive examination of protein sequences for evidence of internal gene duplication},
  author={Barker, Winona C and Ketcham, Lynne K and Dayhoff, Margaret O},
  journal={Journal of Molecular Evolution},
  volume={10},
  number={4},
  pages={265--281},
  year={1978},
  publisher={Springer}
}

%ZF Papers

@article{emerson2009adaptive,
  title={Adaptive evolution in zinc finger transcription factors},
  author={Emerson, Ryan O and Thomas, James H},
  journal={PLoS Genetics},
  volume={5},
  number={1},
  year={2009},
  publisher={Public Library of Science}
}

@incollection{stubbs2011krabZFs,
title={Function and evolution of C2H2 zinc finger arrays},
author={Stubbs, Lisa and Sun, Younguk and Caetano-Anolles, Derek},
booktitle={A Handbook of Transcription Factors},
publisher={Springer Publishing},
editor={Timothy Hughes},
year=2011
}


%Others
@article{spielman2015pyvolve,
  title={Pyvolve: A flexible Python module for simulating sequences along phylogenies},
  author={Spielman, Stephanie J and Wilke, Claus O},
  journal={PloS One},
  volume={10},
  number={9},
  year={2015},
  publisher={Public Library of Science}
}

@article{stadler2011simulating,
  title={Simulating trees with a fixed number of extant species},
  author={Stadler, Tanja},
  journal={Systematic Biology},
  volume={60},
  number={5},
  pages={676--684},
  year={2011},
  publisher={Oxford University Press}
}

@article{stamatakis2014raxml,
  title={RAxML version 8: A tool for phylogenetic analysis and post-analysis of large phylogenies},
  author={Stamatakis, Alexandros},
  journal={Bioinformatics},
  volume={30},
  number={9},
  pages={1312--1313},
  year={2014},
  publisher={Oxford University Press}
}

@article{wu2013treefix,
  title={TreeFix: Statistically informed gene tree error correction using species trees},
  author={Wu, Yi-Chieh and Rasmussen, Matthew D and Bansal, Mukul S and Kellis, Manolis},
  journal={Systematic Biology},
  volume={62},
  number={1},
  pages={110--120},
  year={2013},
  publisher={Oxford University Press}
}

@article{kriventseva2019orthodb,
  title={OrthoDB v10: Sampling the diversity of animal, plant, fungal, protist, bacterial and viral genomes for evolutionary and functional annotations of orthologs},
  author={Kriventseva, Evgenia V and Kuznetsov, Dmitry and Tegenfeldt, Fredrik and Manni, Mos{\`e} and Dias, Renata and Sim{\~a}o, Felipe A and Zdobnov, Evgeny M},
  journal={Nucleic Acids Research},
  volume={47},
  number={D1},
  pages={D807--D811},
  year={2019},
  publisher={Oxford University Press}
}

@article{finn2011hmmer,
  title={HMMER web server: Interactive sequence similarity searching},
  author={Finn, Robert D and Clements, Jody and Eddy, Sean R},
  journal={Nucleic Acids Research},
  volume={39},
  number={suppl\_2},
  pages={W29--W37},
  year={2011},
  publisher={Oxford University Press}
}

 @article{sievers2011fast,
  title={Fast, scalable generation of high-quality protein multiple sequence alignments using Clustal Omega},
  author={Sievers, Fabian and Wilm, Andreas and Dineen, David and Gibson, Toby J and Karplus, Kevin and Li, Weizhong and Lopez, Rodrigo and McWilliam, Hamish and Remmert, Michael and S{\"o}ding, Johannes and others},
  journal={Molecular Systems Biology},
  volume={7},
  number={1},
  year={2011},
  publisher={John Wiley \& Sons, Ltd}
}

@misc{gurobi,
  author = "Gurobi Optimization, LLC",
  title = "Gurobi Optimizer Reference Manual",
  year = 2020,
  url = "http://www.gurobi.com"
}

%MGD Papers
@article{dondi2019reconciling,
  title={Reconciling multiple genes trees via segmental duplications and losses},
  author={Dondi, Riccardo and Lafond, Manuel and Scornavacca, Celine},
  journal={Algorithms for Molecular Biology},
  volume={14},
  number={1},
  pages={7},
  year={2019},
  publisher={Springer}
}

@inproceedings{fellows1998multiple,
  title={On the multiple gene duplication problem},
  author={Fellows, Michael and Hallett, Michael and Stege, Ulrike},
  booktitle={International Symposium on Algorithms and Computation},
  pages={348--357},
  year={1998},
  organization={Springer}
}

@article{bansal2008multiple,
  title={The multiple gene duplication problem revisited},
  author={Bansal, Mukul S and Eulenstein, Oliver},
  journal={Bioinformatics},
  volume={24},
  number={13},
  pages={i132--i138},
  year={2008},
  publisher={Oxford University Press}
}

@article{guigo1996reconstruction,
  title={Reconstruction of ancient molecular phylogeny},
  author={Guigo, Roderic and Muchnik, Ilya and Smith, Temple F},
  journal={Molecular Phylogenetics and Evolution},
  volume={6},
  number={2},
  pages={189--213},
  year={1996},
  publisher={Elsevier}
}

@article{perelman2011molecular,
  title={A molecular phylogeny of living primates},
  author={Perelman, Polina and Johnson, Warren E and Roos, Christian and Seu{\'a}nez, Hector N and Horvath, Julie E and Moreira, Miguel AM and Kessing, Bailey and Pontius, Joan and Roelke, Melody and Rumpler, Yves and others},
  journal={PLoS Genetics},
  volume={7},
  number={3},
  pages={e1001342},
  year={2011},
  publisher={Public Library of Science}
}

@article{liu2018znf424,
  title={ZNF424 Induces Apoptosis and Inhibits Proliferation in Lung Carcinoma Cells},
  author={Liu, W and Yuan, W and Li, X and Zhuang, J and Mo, X and Dai, G and Wang, Y and Chen, J and Wan, Y and Li, Y and others},
  journal={Current Molecular Medicine},
  volume={18},
  number={2},
  pages={109--115},
  year={2018},
  publisher={Bentham Science Publishers}
}

@article{wang2010znf424,
  title={ZNF424, a novel human KRAB/C2H2 zinc finger protein, suppresses NFAT and p21 pathway},
  author={Wang, Yuequn and Zhou, Junnei and Ye, Xiangli and Wan, Yongqi and Li, Youngqing and Mo, Xiaoyan and Yuan, Wuzhou and Yan, Yan and Luo, Na and Wang, Zequn and others},
  journal={BMB Reports},
  volume={43},
  number={3},
  pages={212--218},
  year={2010},
  publisher={Korean Society for Biochemistry and Molecular Biology}
}

@manual{NCBI,       
  title  = "ZNF57 â€“ zinc finger protein 57",       
  author = "NCBI",       
  note   = "\url{https://www.ncbi.nlm.nih.gov/gene/126295/ortholog/?scope=1437010}",       
  year   = "2020 (accessed May 8, 2020)"
}

%PAPER 2 REFERENCES

@inproceedings{aluru2020identifying,
  title={Identifying Evolutionary Origins of Repeat Domains in Protein Families},
  author={Aluru, Chaitanya and Singh, Mona},
  booktitle={Proceedings of the 11th ACM International Conference on Bioinformatics, Computational Biology and Health Informatics},
  pages={1--11},
  year={2020}
}

@article{light2012evolution,
  title={The evolution of filamin--A protein domain repeat perspective},
  author={Light, Sara and Sagit, Rauan and Ithychanda, Sujay S and Qin, Jun and Elofsson, Arne},
  journal={Journal of structural biology},
  volume={179},
  number={3},
  pages={289--298},
  year={2012},
  publisher={Elsevier}
}

@inproceedings{savard2011evolution,
  title={Evolution of orthologous tandemly arrayed gene clusters},
  author={Savard, Olivier Tremblay and Bertrand, Denis and El-Mabrouk, Nadia},
  booktitle={BMC bioinformatics},
  volume={12},
  number={9},
  pages={1--12},
  year={2011},
  organization={BioMed Central}
}

@article{niimura2003evolution,
  title={Evolution of olfactory receptor genes in the human genome},
  author={Niimura, Yoshihito and Nei, Masatoshi},
  journal={Proceedings of the National Academy of Sciences},
  volume={100},
  number={21},
  pages={12235--12240},
  year={2003},
  publisher={National Acad Sciences}
}

%Intro
@article{labeit1990regular,
  title={A regular pattern of two types of 100-residue motif in the sequence of titin},
  author={Labeit, S and Barlow, DP and Gautel, M and Gibson, T and Holt, J and Hsieh, C-L and Francke, U and Leonard, K and Wardale, J and Whiting, A and others},
  journal={Nature},
  volume={345},
  number={6272},
  pages={273--276},
  year={1990},
  publisher={Nature Publishing Group}
}

@article{chothia2003evolution,
  title={Evolution of the protein repertoire},
  author={Chothia, Cyrus and Gough, Julian and Vogel, Christine and Teichmann, Sarah A},
  journal={Science},
  volume={300},
  number={5626},
  pages={1701--1703},
  year={2003},
  publisher={American Association for the Advancement of Science}
}

%Protein Examples
@article{stubbs2011function,
  title={Function and evolution of C2H2 zinc finger arrays},
  author={Stubbs, Lisa and Sun, Younguk and Caetano-Anolles, Derek},
  journal={A handbook of transcription factors},
  pages={75--94},
  year={2011},
  publisher={Springer}
}

@article{labeit2011nebulin,
  title={Nebulin, a major player in muscle health and disease},
  author={Labeit, Siegfried and Ottenheijm, Coen AC and Granzier, Henk},
  journal={The FASEB journal},
  volume={25},
  number={3},
  pages={822--829},
  year={2011},
  publisher={Wiley Online Library}
}

@article{bjorklund2010nebulin,
  title={Nebulin: a study of protein repeat evolution},
  author={Bj{\"o}rklund, {\AA}sa K and Light, Sara and Sagit, Rauan and Elofsson, Arne},
  journal={Journal of molecular biology},
  volume={402},
  number={1},
  pages={38--51},
  year={2010},
  publisher={Elsevier}
}

%Reconciliation
@article{goodman1979fitting,
  title={Fitting the gene lineage into its species lineage, a parsimony strategy illustrated by cladograms constructed from globin sequences},
  author={Goodman, Morris and Czelusniak, John and Moore, G William and Romero-Herrera, Alejo E and Matsuda, Genji},
  journal={Systematic Biology},
  volume={28},
  number={2},
  pages={132--163},
  year={1979},
  publisher={Society of Systematic Zoology}
}

@article{li2018integrated,
  title={An integrated reconciliation framework for domain, gene, and species level evolution},
  author={Li, Lei and Bansal, Mukul S},
  journal={IEEE/ACM transactions on computational biology and bioinformatics},
  volume={16},
  number={1},
  pages={63--76},
  year={2018},
  publisher={IEEE}
}

@article{muhammad2018species,
  title={Species tree-aware simultaneous reconstruction of gene and domain evolution},
  author={Muhammad, Sayyed Auwn and Sennblad, Bengt and Lagergren, Jens},
  journal={bioRxiv},
  pages={336453},
  year={2018},
  publisher={Cold Spring Harbor Laboratory}
}

@article{stolzer2015event,
  title={Event inference in multidomain families with phylogenetic reconciliation},
  author={Stolzer, Maureen and Siewert, Katherine and Lai, Han and Xu, Minli and Durand, Dannie},
  journal={BMC bioinformatics},
  volume={16},
  number={14},
  pages={1--20},
  year={2015},
  publisher={BioMed Central}
}

@article{bansal2012efficient,
  title={Efficient algorithms for the reconciliation problem with gene duplication, horizontal transfer and loss},
  author={Bansal, Mukul S and Alm, Eric J and Kellis, Manolis},
  journal={Bioinformatics},
  volume={28},
  number={12},
  pages={i283--i291},
  year={2012},
  publisher={Oxford University Press}
}

@article{wu2012evolution,
  title={Evolution at the subgene level: domain rearrangements in the Drosophila phylogeny},
  author={Wu, Yi-Chieh and Rasmussen, Matthew D and Kellis, Manolis},
  journal={Molecular biology and evolution},
  volume={29},
  number={2},
  pages={689--705},
  year={2012},
  publisher={Oxford University Press}
}

%TD Reconciliation
@article{bansal2008multiple,
  title={The multiple gene duplication problem revisited},
  author={Bansal, Mukul S and Eulenstein, Oliver},
  journal={Bioinformatics},
  volume={24},
  number={13},
  pages={i132--i138},
  year={2008},
  publisher={Oxford University Press}
}

@article{guigo1996reconstruction,
  title={Reconstruction of ancient molecular phylogeny},
  author={Guigo, Roderic and Muchnik, Ilya and Smith, Temple F},
  journal={Molecular phylogenetics and evolution},
  volume={6},
  number={2},
  pages={189--213},
  year={1996},
  publisher={Elsevier}
}

%Tools
@article{uniprot2019uniprot,
  title={UniProt: a worldwide hub of protein knowledge},
  author={UniProt Consortium},
  journal={Nucleic acids research},
  volume={47},
  number={D1},
  pages={D506--D515},
  year={2019},
  publisher={Oxford University Press}
}

@article{altschul1997gapped,
  title={Gapped BLAST and PSI-BLAST: a new generation of protein database search programs},
  author={Altschul, Stephen F and Madden, Thomas L and Sch{\"a}ffer, Alejandro A and Zhang, Jinghui and Zhang, Zheng and Miller, Webb and Lipman, David J},
  journal={Nucleic acids research},
  volume={25},
  number={17},
  pages={3389--3402},
  year={1997},
  publisher={Oxford University Press}
}

@article{eddy2011accelerated,
  title={Accelerated profile HMM searches},
  author={Eddy, Sean R},
  journal={PLoS Comput Biol},
  volume={7},
  number={10},
  pages={e1002195},
  year={2011},
  publisher={Public Library of Science}
}

@article{sievers2018clustal,
  title={Clustal Omega for making accurate alignments of many protein sequences},
  author={Sievers, Fabian and Higgins, Desmond G},
  journal={Protein Science},
  volume={27},
  number={1},
  pages={135--145},
  year={2018},
  publisher={Wiley Online Library}
}

@article{sjostrand2013genphylodata,
  title={GenPhyloData: realistic simulation of gene family evolution},
  author={Sj{\"o}strand, Joel and Arvestad, Lars and Lagergren, Jens and Sennblad, Bengt},
  journal={BMC bioinformatics},
  volume={14},
  number={1},
  pages={1--5},
  year={2013},
  publisher={Springer}
}

@article{kumar2017timetree,
  title={TimeTree: a resource for timelines, timetrees, and divergence times},
  author={Kumar, Sudhir and Stecher, Glen and Suleski, Michael and Hedges, S Blair},
  journal={Molecular biology and evolution},
  volume={34},
  number={7},
  pages={1812--1819},
  year={2017},
  publisher={Oxford University Press}
}

@article{howe2021ensembl,
  title={Ensembl 2021},
  author={Howe, Kevin L and Achuthan, Premanand and Allen, James and Allen, Jamie and Alvarez-Jarreta, Jorge and Amode, M Ridwan and Armean, Irina M and Azov, Andrey G and Bennett, Ruth and Bhai, Jyothish and others},
  journal={Nucleic acids research},
  volume={49},
  number={D1},
  pages={D884--D891},
  year={2021},
  publisher={Oxford University Press}
}